@BOOK{russell2004,
	title = {Inteligencia Artificial: Un Enfoque Moderno},
	publisher = {Pearson Educación, S.A.},
	author = {Russell, Stuart and Norvig, Peter},
	year = {2004},
	edition = {2nd},
}

@ARTICLE{gandhi2018,
	author = {Gandhi, Rohith},
	title = {Support Vector Machine — Introduction to Machine Learning Algorithms},
	journal = {Towards Data Science},
	year = {2018},
	url = {https://towardsdatascience.com/support-vector-machine-introduction-to-machine-learning-algorithms-934a444fca47}
}

@proceedings{cheng2019,
	editor = {Cheng, Chaoran and Tan, Fei and Hou, Xiurui and Wei, Zhi},
	title = {Success Prediction on Crowdfunding with Multimodal Deep Learning},
	date = {2019},
	eventtitle = {The Twenty-Eighth International Joint Conference on Artificial Intelligence},
	eventdate = {2019},
	location = {Macao},
	pages = {2158-2164},
	url = {https://www.ijcai.org/proceedings/2019/0299.pdf}
}

@article{li2019,
	author = {Li, Fei-Fei and Johnson, Justin and Yeung, Serena},
	title = {Convolutional Neural Networks},
	year = {2019},
	volume = {5},
	location = {Standford},
	url = {http://cs231n.stanford.edu/slides/2019/cs231n_2019_lecture05.pdf}
}

